@ARTICLE {3d-print-google-trends,
    title  = "Trendy výrazu 3D print",
    journal = "Google Trends {[online]}",
    howpublished = "[online]",
    month  = "duben",
    year   = "2017",
    note = "[cit. 2017-4-11]",
    url    = "https://trends.google.cz/trends/explore?q=3d%20print"
}

@ARTICLE {mobile-devices-market-share,
    title  = "Mobile web usage overtakes desktop for first time",
    journal = "The Telegraph {[online]}",
    howpublished = "[online]",
    month  = "listopad",
    year   = "2016",
    note = "[cit. 2017-4-11]",
    url    = "http://www.telegraph.co.uk/technology/2016/11/01/mobile-web-usage-overtakes-desktop-for-first-time/"
}

@ARTICLE {3dprint-for-prototyping,
    title  = "Rapid Prototyping: An Overview",
    journal = "eFunda {[online]}",
    howpublished = "[online]",
    month  = "červen",
    year   = "2016",
    note = "[cit. 2017-4-11]",
    url    = "http://www.efunda.com/processes/rapid_prototyping/intro.cfm"
}

@ARTICLE {apple-mvc,
    title  = "Model-View-Controller",
    journal = "Apple Guides and Sample Code {[online]}",
    howpublished = "[online]",
    month  = "říjen",
    year   = "2015",
    note = "[cit. 2017-3-15]",
    url    = "https://developer.apple.com/library/content/documentation/General/Conceptual/DevPedia-CocoaCore/MVC.html"
}

@ARTICLE {software-testing-definition,
    title  = "Software testing tutorial",
    journal = "Tutorials point {[online]}",
    howpublished = "[online]",
    month  = "červenec",
    year   = "2015",
    note = "[cit. 2017-3-28]",
    url    = "https://www.tutorialspoint.com/software_testing/"
}

@ARTICLE {dobry-web-ux-testing,
    title  = "Uživatelské testování použitelnosti",
    journal = "dobrý web {[online]}",
    howpublished = "[online]",
    month  = "",
    year   = "",
    note = "[cit. 2017-3-29]",
    url    = "http://www.dobryweb.cz/uzivatelske-testovani"
}

@ARTICLE {h1-ux-testing,
    title  = "Uživatelské testování použitelnosti",
    journal = "H1 {[online]}",
    howpublished = "[online]",
    month  = "",
    year   = "",
    note = "[cit. 2017-3-29]",
    url    = "http://www.h1.cz/pouzitelnost"
}

@ARTICLE {apple-ui-testing,
    title  = "User Interface Testing",
    journal = "Apple Guides and Sample Code {[online]}",
    howpublished = "[online]",
    month  = "leden",
    year   = "2017",
    note = "[cit. 2017-3-29]",
    url    = "https://developer.apple.com/library/content/documentation/DeveloperTools/Conceptual/testing_with_xcode/chapters/09-ui_testing.html"
}

@ARTICLE {objcio-bdd,
    title  = "Behavior-Driven Development",
    journal = "objc {[online]}",
    howpublished = "[online]",
    month  = "srpen",
    year   = "2014",
    note = "[cit. 2017-3-29]",
    url    = "https://developer.apple.com/library/content/documentation/DeveloperTools/Conceptual/testing_with_xcode/chapters/09-ui_testing.html"
}

https://www.objc.io/issues/15-testing/behavior-driven-development/
